@book{hohpe2004,
  title={Enterprise Integration Patterns},
  author={Hohpe, G. and Woolf, B},
  year={2004},
  publisher={Addison-Wesley Professional}
}

@techreport{dijkstra1970notes,
  title={Notes on structured programming},
  author={E. W. Dijkstra},
  type={T. H. Report},
  number={70-WSK-03},
  institution={Technological University Eindhoven, Department of Mathematics},
  year={1970}

}

@article{mellor1994cad,
  title={{CAD}: computer-aided disaster},
  author={Mellor, Peter},
  journal={High Integrity Systems},
  volume={1},
  number={2},
  pages={101--156},
  year={1994}
}

@inproceedings{finkelstein1996comedy,
  title={A comedy of errors: the {London Ambulance Service} case study},
  author={Finkelstein, Anthony and Dowell, John},
  booktitle={Proceedings of the 8th International Workshop on Software Specification and Design},
  pages={2},
  year={1996},
  organization={IEEE Computer Society}
}

@book{ben2009ada,
  title={Ada for software engineers},
  author={Ben-Ari, Mordechai},
  year={2009},
  publisher={Springer}
}

@book{ada-wikibook,
  title = {Ada Programming},
  author = {Wikibooks},
  note = {\url{https://en.wikibooks.org/wiki/Ada_Programming}},
}

@inproceedings{mcdermid1995experience,
  title={Experience with the application of {HAZOP} to computer-based systems},
  author={J. McDermid and M. Nicholson and D. Pumfrey and P. Fenelon},
  booktitle={ Proceedings of the Tenth Annual Conference on Computer Assurance},
  pages={37--48},
  year={1995},
  organization={IEEE}
}

@tecreport{wei-hazop-report,
 author = {Z. Wei and W. Zhangjin},
 title = {{HAZOP} Introduction},
 type = {Presentation},
 institution={Distributed \& Embedded Systems Lab, Lanzhou University, China},
}

 
@book{woodcock-using-z,
  title={Using {Z}: specification, refinement, and proof},
  author={Jim Woodcock and Jim Davies},
  volume={1},
  year={1996},
  publisher={Prentice Hall},
}

@book{sommerville10,
 title = {Software Engineering},
 author = {Ian Sommerville},
 edition = {9th},
 publisher = {Pearson Higher Education, USA},
 year = {2010},
}

@inproceedings{phillips89,
  title={{CICS/ESA 3.1} experiences},
  author={Phillips, Mark},
  booktitle={Z User Workshop, Oxford},
  pages={179--185},
  year={1989}
}
@misc{gsm99,
   Author = {{European Telecommunications Standards Institute, F-06921 Sophia Antipolis cedex - France}},
   Title = {{GSM 11.11 v7.2.0 Technical Specification}},
         Year = {1999} 
}

@techreport{sum99,
  title={The {Sum} reference manual},
  author={Johnston, Wendy and Wildman, Luke},
  year={1999},
  type={Technical Report},
  number={99-21},
  institution={Software Verification Research Centre},
}

@article{knight86,
  title={An experimental evaluation of the assumption of independence in multiversion programming},
  author={J. Knight and N. Leveson},
  journal={IEEE Transactions on Software Engineering},
  volume={SE-12},
  number={1},
  pages={96--109},
  year={1986},
  publisher={IEEE},
}

@inbook{krishna99,
 author = {C. Krishna and K. Shin},
 chapter = {7},
 title = {Real-time Systems}, 
 publisher = {Addison-Wesley},
 year = {1999},
 note = {(Available on the LMS)},
}

@article{lamport82,
  title={The {Byzantine} generals' problem},
  author={L. Lamport and R. Shostak and M. Pease},
  journal={ACM Transactions on Programming Languages and Systems},
  volume={4},
  number={3},
  pages={382--401},
  year={1982},
  publisher={ACM},
}

@article{castro02,
  title={Practical Byzantine fault tolerance and proactive recovery},
  author={Castro, Miguel and Liskov, Barbara},
  journal={ACM Transactions on Computer Systems (TOCS)},
  volume={20},
  number={4},
  pages={398--461},
  year={2002},
  publisher={ACM}
}

@article{laprie90,
  title={Definition and analysis of hardware-and software-fault-tolerant architectures},
  author={J-C. Laprie and J. Arlat and C. Beounes and K. Kanoun},
  journal={Computer},
  volume={23},
  number={7},
  pages={39--51},
  year={1990},
  publisher={IEEE},
}

@techreport{jpl-nasa-coding-standard09,
 title = {{JPL} Institutional Coding Standard for the {C} Programming Language},
 type = {JPL DOCID},
 number = {D-60411},
 version = {1.0},
 month = {March},
 year = {2009},
 note = {\url{http://lars-lab.jpl.nasa.gov/JPL_Coding_Standard_C.pdf}},
}

@article{meyer92,
  title={Applying ``Design by Contract''},
  author={B. Meyer},
  journal={Computer},
  volume={25},
  number={10},
  pages={40--51},
  year={1992},
  publisher={IEEE}
}

@incollection{leavens99,
  title={{JML}: A notation for detailed design},
  author={G. Leavens and A. Baker and C. Ruby},
  booktitle={Behavioral Specifications of Businesses and Systems},
  pages={175--188},
  year={1999},
  publisher={Springer}
}

@book{meyer00,
  title={Object-oriented software construction},
  author={B. Meyer},
  edition={2nd},
  year={2002},
  publisher={Prentice Hall New York}
}

@incollection{dijkstra82,
  title={"{Why} is Software So Expensive?": An Explanation to the Hardware Designer},
  author={E. W. Dijkstra},
  booktitle={Selected Writings on Computing: A Personal Perspective},
  pages={338--348},
  year={1982},
  publisher={Springer}
}

@article{hoare69,
  title={An axiomatic basis for computer programming},
  author={C. A. R. Hoare},
  journal={Communications of the ACM},
  volume={12},
  number={10},
  pages={576--580},
  year={1969},
  publisher={ACM}
}

@book{knuth73,
  title={The Art of Computer Programming, 3: Sorting and Searching},
  author={Knuth, Donald E},
  year={1998},
  edition={2nd},
  publisher={Addison Wesley, Reading, MA}
}

@book{bentley00,
  title={Programming pearls},
  author={J. Bentley},
  year={2000},
  publisher={Addison-Wesley Professional}
}

@inproceedings{hoare71,
  title={Procedures and parameters: An axiomatic approach},
  author={C. A. R. Hoare},
  booktitle={Symposium on Semantics of Algorithmic Languages},
  pages={102--116},
  year={1971},
  organization={Springer}
}


@incollection{dijkstra78,
  title={Guarded commands, nondeterminacy, and formal derivation of programs},
  author={E. W. Dijkstra},
  booktitle={Programming Methodology},
  pages={166--175},
  year={1978},
  publisher={Springer}
}

@article{stocks96,
 author = {P. Stocks and D. Carrington},
 title = {A framework for specification-based testing}, 
 journal = {IEEE Transactions on Software Engineering},
 volume = {22},
 number = {11},
 pages = {777--793},
 year = {1996},
}

@book{utting07,
 author = {M. Utting and B. Legeard},
 title = {Practical Model-Based Testing: A Tools Approach},
 publisher = {Morgan Kaufmann},
 year = {2007},
}


@inproceedings{stocks93,
 author = {P. Stocks and D. Carrington}, 
 title = {Test template framework: a specification-based testing case study},
 booktitle = {Proceedings of the 1993 ACM SIGSOFT international symposium on Software testing and analysis},
 publisher = {ACM, New York}, 
 pages = {11--18},
 year = {1993},
}

@book{myers79,
 author = {G. J. Myers},
 title = {The Art of Software Testing},
 publisher = {John Wiley \& Sons},
 year = {1979},
}

@book{jackson2012software,
  title={Software Abstractions: logic, language, and analysis},
  author={Jackson, Daniel},
  year={2012},
  publisher={MIT press}
}
